@book{cinema_livro,
  title={The design and analysis of spatial data structures},
  author={Samet, Hanan},
  volume={85},
  year={1990}
}

@book{ml_livro,
  title={The design and analysis of spatial data structures},
  author={Samet, Hanan},
  volume={85},
  year={1990}
}

@book{artigo1,
  title={The design and analysis of spatial data structures},
  author={Samet, Hanan},
  volume={85},
  year={1990}
}

@book{artigo2,
  title={The design and analysis of spatial data structures},
  author={Samet, Hanan},
  volume={85},
  year={1990}
}

@book{artigo3,
  title={The design and analysis of spatial data structures},
  author={Samet, Hanan},
  volume={85},
  year={1990}
}

@book{artigo4,
  title={The design and analysis of spatial data structures},
  author={Samet, Hanan},
  volume={85},
  year={1990}
}